<?xml version="1.0" encoding="UTF-8"?><collection xmlns="http://www.loc.gov/MARC21/slim"><record><leader>00451nam--2200145-i-4500</leader><controlfield tag="001">000008001</controlfield><controlfield tag="002">20161230</controlfield><controlfield tag="005">20161230201027</controlfield><controlfield tag="008">060222s1000------------r-----000-0-eng-d</controlfield><datafield ind1=" " ind2=" " tag="080"><subfield code="a">77.02:539.12.08</subfield></datafield><datafield ind1=" " ind2=" " tag="100"><subfield code="a">Becker, Klaus</subfield></datafield><datafield ind1=" " ind2=" " tag="245"><subfield code="a">Photographic film dosimetry. principles and me thods of quantitative measurement of radiation by photographic means</subfield></datafield><datafield ind1=" " ind2=" " tag="260"><subfield code="a">London, The Focal Press, 1966 223 P</subfield></datafield><datafield ind1=" " ind2=" " tag="490"><subfield code="a">The Focal Library</subfield></datafield><datafield ind1=" " ind2=" " tag="852"><subfield code="a">25751</subfield></datafield></record></collection>